@online{ai-wikipedia,
  author={Wikipedia},
  title={Künstliche Intelligenz},
  url={https://de.wikipedia.org/wiki/K%C3%BCnstliche_Intelligenz},
  urldate={2023-04-20},
  year={2023}
}

@online{GitHub,
  author={GitHub},
  title={Künstliche Intelligenz},
  url={https://gymmu.github.io/gym-inf/ai-intro},
  urldate={2024-05},
  year={2024}
}

@online{ibm,
  author={IBM},
  title={KI-Ethik},
  url={https://www.ibm.com/de-de/topics/ai-ethics},
  urldate={2024-05},
  year={2024}
}

@online{KI-Training,
 author={clickworker},
  title={KI-Training},
  url={https://www.clickworker.de/kunden-blog/kuenstliche-intelligenz-systeme-trainieren/},
  urldate={2024-05},
  year={2024}
}

@online{neuronale-netze,
 author={datasolut},
  title={Neuronale Netzwerke},
  url={https://datasolut.com/neuronale-netzwerke-einfuehrung/},
  urldate={2024-05},
  year={2024}
}

@online{datenschutz,
 author={digital-kompass},
  title={Datenschutz},
  url={https://www.digital-kompass.de/aktuelles/tipps-zum-sicheren-umgang-mit-dem-internet},
  urldate={2024-05},
  year={2024}
}




@book{example,
  title={The Title of the Book},
  author={The Author},
  publisher={The Publisher},
  year={2017},
}